<record><leader>00000cas a22000007a 4500</leader><controlfield tag="001">30573827</controlfield><controlfield tag="008">940608d19021905akudn ne      0    0eng d</controlfield><datafield ind1=" " ind2=" " tag="010"><subfield code="a">sn 94050025 </subfield></datafield><datafield ind1=" " ind2=" " tag="040"><subfield code="a">ANE</subfield><subfield code="b">eng</subfield><subfield code="c">ANE</subfield><subfield code="d">OCLCQ</subfield><subfield code="d">OCLCF</subfield><subfield code="d">OCLCO</subfield></datafield><datafield ind1="1" ind2=" " tag="029"><subfield code="a">AU@</subfield><subfield code="b">000011126221</subfield></datafield><datafield ind1=" " ind2=" " tag="042"><subfield code="a">msc</subfield></datafield><datafield ind1=" " ind2=" " tag="043"><subfield code="a">n-us-ak</subfield></datafield><datafield ind1="0" ind2="0" tag="245"><subfield code="a">Alaska daily guide.</subfield></datafield><datafield ind1=" " ind2=" " tag="260"><subfield code="a">Skagway, Alaska :</subfield><subfield code="b">Alaska-Yukon Pub. Co.,</subfield><subfield code="c">-1905.</subfield></datafield><datafield ind1=" " ind2=" " tag="300"><subfield code="a">v.</subfield></datafield><datafield ind1=" " ind2=" " tag="310"><subfield code="a">Daily (except Mon.),</subfield><subfield code="b">&lt;Apr. 24, 1904&gt;-Apr. 30, 1905</subfield></datafield><datafield ind1=" " ind2=" " tag="321"><subfield code="a">Daily (except Sun.),</subfield><subfield code="b">&lt;July 2, 1902&gt;-&lt;Mar. 13, 1904&gt;</subfield></datafield><datafield ind1="1" ind2=" " tag="362"><subfield code="a">Began in 1902.</subfield></datafield><datafield ind1="0" ind2=" " tag="362"><subfield code="a">-v. 6, no. 46 (Apr. 30, 1905).</subfield></datafield><datafield ind1=" " ind2=" " tag="515"><subfield code="a">Issue numbering irregular.</subfield></datafield><datafield ind1=" " ind2=" " tag="588"><subfield code="a">Description based on: Vol. 2, no. 243 (July 2, 1902).</subfield></datafield><datafield ind1=" " ind2="0" tag="651"><subfield code="a">Skagway (Alaska)</subfield><subfield code="v">Newspapers.</subfield></datafield><datafield ind1=" " ind2="7" tag="655"><subfield code="a">Newspapers.</subfield><subfield code="2">fast</subfield><subfield code="0">(OCoLC)fst01423814</subfield></datafield><datafield ind1=" " ind2="7" tag="651"><subfield code="a">Alaska</subfield><subfield code="z">Skagway.</subfield><subfield code="2">fast</subfield><subfield code="0">(OCoLC)fst01220195</subfield></datafield><datafield ind1=" " ind2=" " tag="752"><subfield code="a">United States</subfield><subfield code="b">Alaska</subfield><subfield code="d">Skagway.</subfield></datafield><datafield ind1="0" ind2="0" tag="780"><subfield code="t">Alaska traveler's guide</subfield><subfield code="w">(DLC)sn 94050026</subfield><subfield code="w">(OCoLC)30573856</subfield></datafield></record>